<?xml version="1.0" encoding="UTF-8"?><collection xmlns="http://www.loc.gov/MARC21/slim"><record><leader>00464nam--2200145-i-4500</leader><controlfield tag="001">000003918</controlfield><controlfield tag="002">20161230</controlfield><controlfield tag="005">20170304195928</controlfield><controlfield tag="008">060222s1000------------r-----000-0-eng-d</controlfield><datafield ind1=" " ind2=" " tag="100"><subfield code="a">Bromberg, V. A</subfield></datafield><datafield ind1=" " ind2=" " tag="245"><subfield code="a">Utilaje si dispozitive pentru mecanizarea tehn ologiei de izolare si bobinare. Traducere din limba rusa. Numai pentru documentare</subfield></datafield><datafield ind1=" " ind2=" " tag="260"><subfield code="a">Bucuresti</subfield><subfield code="b">Ed.Energ.De Stat</subfield><subfield code="c">1955</subfield></datafield><datafield ind1=" " ind2=" " tag="300"><subfield code="a">100 p. Lito</subfield></datafield><datafield ind1=" " ind2=" " tag="852"><subfield code="a">621.3</subfield></datafield><datafield ind1=" " ind2=" " tag="CAT"><subfield code="a">SYS</subfield><subfield code="c">20170304</subfield><subfield code="h">195928</subfield></datafield></record></collection>